@inproceedings{luo:toward,
  title={Toward a progress indicator for database queries},
  author={Luo, Gang and Naughton, Jeffrey F and Ellmann, Curt J and Watzke, Michael W},
  booktitle={Proceedings of the 2004 ACM SIGMOD international conference on Management of data},
  pages={791--802},
  year={2004},
  organization={ACM}
}

@inproceedings{luo:increasing,
  title={Increasing the accuracy and coverage of SQL progress indicators},
  author={Luo, Gang and Naughton, Jeffrey F and Ellmann, Curt J and Watzke, Michael W},
  booktitle={Data Engineering, 2005. ICDE 2005. Proceedings. 21st International Conference on},
  pages={853--864},
  year={2005},
  organization={IEEE}
}

@incollection{luo:multi,
  title={Multi-query SQL progress indicators},
  author={Luo, Gang and Naughton, Jeffrey F and Philip, S Yu},
  booktitle={Advances in Database Technology-EDBT 2006},
  pages={921--941},
  year={2006},
  publisher={Springer}
}

@inproceedings{chaudhuri:can,
  title={When can we trust progress estimators for SQL queries?},
  author={Chaudhuri, Surajit and Kaushik, Raghav and Ramamurthy, Ravishankar},
  booktitle={Proceedings of the 2005 ACM SIGMOD international conference on Management of data},
  pages={575--586},
  year={2005},
  organization={ACM}
}

@inproceedings{chaudhuri:estimating,
  title={Estimating progress of execution for SQL queries},
  author={Chaudhuri, Surajit and Narasayya, Vivek and Ramamurthy, Ravishankar},
  booktitle={Proceedings of the 2004 ACM SIGMOD international conference on Management of data},
  pages={803--814},
  year={2004},
  organization={ACM}
}

@inproceedings{ahmad:interaction,
  title={Interaction-aware prediction of business intelligence workload completion times},
  author={Ahmad, Mumtaz and Duan, Songyun and Aboulnaga, Ashraf and Babu, Shivnath},
  booktitle={Data Engineering (ICDE), 2010 IEEE 26th International Conference on},
  pages={413--416},
  year={2010},
  organization={IEEE}
}

@inproceedings{gupta:pqr,
  title={PQR: Predicting query execution times for autonomous workload management},
  author={Gupta, Chetan and Mehta, Abhay and Dayal, Umeshwar},
  booktitle={Autonomic Computing, 2008. ICAC'08. International Conference on},
  pages={13--22},
  year={2008},
  organization={IEEE}
}

@inproceedings{ganapathi:predicting,
  title={Predicting multiple metrics for queries: Better decisions enabled by machine learning},
  author={Ganapathi, Archana and Kuno, Harumi and Dayal, Umeshwar and Wiener, Janet L and Fox, Armando and Jordan, Michael I and Patterson, David},
  booktitle={Data Engineering, 2009. ICDE'09. IEEE 25th International Conference on},
  pages={592--603},
  year={2009},
  organization={IEEE}
}

@inproceedings{duggan:performance,
  title={Performance prediction for concurrent database workloads},
  author={Duggan, Jennie and Cetintemel, Ugur and Papaemmanouil, Olga and Upfal, Eli},
  booktitle={Proceedings of the 2011 ACM SIGMOD International Conference on Management of data},
  pages={337--348},
  year={2011},
  organization={ACM}
}

@inproceedings{chaudhuri:rethinking,
  title={Rethinking Database System Architecture: Towards a Self-Tuning RISC-Style Database System.},
  author={Chaudhuri, Surajit and Weikum, Gerhard},
  booktitle={VLDB},
  pages={1--10},
  year={2000},
  organization={Citeseer}
}

@article{florescu:rethinking,
  title={Rethinking cost and performance of database systems},
  author={Florescu, Daniela and Kossmann, Donald},
  journal={ACM Sigmod Record},
  volume={38},
  number={1},
  pages={43--48},
  year={2009},
  publisher={ACM}
}

@inproceedings{babcock:optimizer,
  title={Towards a robust query optimizer: a principled and practical approach},
  author={Babcock, Brian and Chaudhuri, Surajit},
  booktitle={Proceedings of the 2005 ACM SIGMOD international conference on Management of data},
  pages={119--130},
  year={2005},
  organization={ACM}
}

@misc{brendan:dtrace,
  author = {Brendan Gregg},
  title = {{DTrace pid Provider return}},
  howpublished = "\url{http://dtrace.org/blogs/brendan/2011/02/14/dtrace-pid-provider-return/}",
  year = {2011}, 
  note = "[Online; accessed 23-Feburary-2015]"
}
